@article{Belkin_2019,
	doi = {10.1073/pnas.1903070116},
	url = {https://doi.org/10.1073%2Fpnas.1903070116},
	year = 2019,
	month = {jul},
	publisher = {Proceedings of the National Academy of Sciences},
	volume = {116},
	number = {32},
	pages = {15849--15854},
	author = {Mikhail Belkin and Daniel Hsu and Siyuan Ma and Soumik Mandal},
	title = {Reconciling modern machine-learning practice and the classical bias{\textendash}variance trade-off},
	journal = {Proc Natl Acad Sci USA}
}


@article{Alfredo2016,
Author = {Alfredo Canziani and Adam Paszke and Eugenio Culurciello},
Title = {An Analysis of Deep Neural Network Models for Practical Applications},
Year = {2016},
Eprint = {arXiv:1605.07678},
}

@article{krizhevsky2009learning,
	title={Learning multiple layers of features from tiny images},
	author={Krizhevsky, A and Hinton, G},
	year={2009}
}

@article{Russakovsky_2015,
	doi = {10.1007/s11263-015-0816-y},
	url = {https://doi.org/10.1007%2Fs11263-015-0816-y},
	year = 2015,
	month = {apr},
	publisher = {Springer Science and Business Media {LLC}},
	volume = {115},
	number = {3},
	pages = {211--252},
	author = {Olga Russakovsky and Jia Deng and Hao Su and Jonathan Krause and Sanjeev Satheesh and Sean Ma and Zhiheng Huang and Andrej Karpathy and Aditya Khosla and Michael Bernstein and Alexander C. Berg and Li Fei-Fei},
	title = {{ImageNet} Large Scale Visual Recognition Challenge},
	journal = {Int J Comput Vis}
}


@article{Zhang_Deep_Learning,
Author = {Chiyuan Zhang and Samy Bengio and Moritz Hardt and Benjamin Recht and Oriol Vinyals},
Title = {Understanding deep learning requires rethinking generalization},
Year = {2016},
Eprint = {arXiv:1611.03530},
}

@book{steinwartSVM,
	doi = {10.1007/978-0-387-77242-4},
	url = {https://doi.org/10.1007%2F978-0-387-77242-4},
	author = {Ingo Steinwart and Andreas Christmann},
	year = 2008,
	publisher = {Springer New York},
	title = {Support Vector Machines}
}

@incollection{Representer_Theorem,
	doi = {10.1007/3-540-44581-1_27},
	url = {https://doi.org/10.1007%2F3-540-44581-1_27},
	year = 2001,
	publisher = {Springer Berlin Heidelberg},
	pages = {416--426},
	author = {Bernhard Sch√∂lkopf and Ralf Herbrich and Alex J. Smola},
	title = {A Generalized Representer Theorem},
	booktitle = {Lecture Notes in Computer Science}
}

@book{Rudin_1990,
	doi = {10.1002/9781118165621},
	url = {https://doi.org/10.1002%2F9781118165621},
	year = 1990,
	month = {jan},
	publisher = {John Wiley {\&} Sons, Inc.},
	author = {Walter Rudin},
	title = {Fourier Analysis on Groups}
}

@inproceedings{RFF_Rahimi,
 author = {Rahimi, Ali and Recht, Benjamin},
 booktitle = {Advances in Neural Information Processing Systems},
 editor = {J. Platt and D. Koller and Y. Singer and S. Roweis},
 pages = {1177--1184},
 publisher = {Curran Associates, Inc.},
 title = {Random Features for Large-Scale Kernel Machines},
 url = {https://proceedings.neurips.cc/paper/2007/file/013a006f03dbc5392effeb8f18fda755-Paper.pdf},
 volume = {20},
 year = {2008}
}


@book{ScatteredDataApproximation,
  title={Scattered Data Approximation},
  author={Holger Wendland},
  year={2004},
  publisher={Cambridge Monographs on APplied and Computational Mathematics. Cambridge University Press},
  doi={10.1017/CBO9780511617539}
}

@unpublished{ShalevBen,
title={Understanding Machine Learning: From Theory to Algorithms},
author={Shai Shalev-Shwartz and Shai Ben David},
note={\url{http://www.cs.huji.ac.il/~shais/UnderstandingMachineLearning}},
}

@incollection{LossFATBound,
	doi = {10.1007/3-540-44581-1_24},
	url = {https://doi.org/10.1007%2F3-540-44581-1_24},
	year = 2001,
	publisher = {Springer Berlin Heidelberg},
	pages = {368--384},
	author = {Bal{\'{a}}zs K{\'{e}}gl and Tam{\'{a}}s Linder and G{\'{a}}bor Lugosi},
	title = {Data-Dependent Margin-Based Generalization Bounds for Classification},
	booktitle = {Lecture Notes in Computer Science}
}

@article{ApproximationConcentration,
 author = {Mikhail Belkin},
 journal = {arxiv:1801.03437},
 title = {Approximation beats concentration? An approximation view on inference
  with smooth radial kernels},
 url = {http://arxiv.org/abs/1801.03437v2},
 year = {2018}
}

@article{UnderstandKernel,
 author = {Mikhail Belkin and Siyuan Ma and Soumik Mandal},
 journal = {arxiv:1802.01396},
 title = {To understand deep learning we need to understand kernel learning},
 url = {http://arxiv.org/abs/1802.01396v3},
 year = {2018}
}

@article{GeogPaper,
  title={Dietary specializations and diversity in feeding ecology of the earliest stem mammals},
  author={Gill PG, Purnell MA, Crumpton N, Brown KR, Gostling NJ, Stampanoni M, Rayfield EJ.},
  journal={Nature},
  volume={512},
  pages={303--305},
  year={2014},
  publisher={Macmillan Publishers}
}


@unpublished{mult_weights,
title={The Reasonable Effectiveness of the Multiplicative Weights Update Algorithm},
\author={Jeremy Kun},
note={\url{https://jeremykun.com/2017/02/27/the-reasonable-effectiveness-of-the-multiplicative-weights-update-algorithm/}},
}


@book{bishop2006pattern,
  title={Pattern recognition and machine learning},
  author={Bishop, Christopher M},
  year={2006},
  publisher={springer}
}

